@inproceedings{kour2014real,
  title={Real-time segmentation of on-line handwritten arabic script},
  author={Kour, George and Saabne, Raid},
  booktitle={Frontiers in Handwriting Recognition (ICFHR), 2014 14th International Conference on},
  pages={417--422},
  year={2014},
  organization={IEEE}
}

@inproceedings{kour2014fast,
  title={Fast classification of handwritten on-line Arabic characters},
  author={Kour, George and Saabne, Raid},
  booktitle={Soft Computing and Pattern Recognition (SoCPaR), 2014 6th International Conference of},
  pages={312--318},
  year={2014},
  organization={IEEE}
}

@article{hadash2018estimate,
  title={Estimate and Replace: A Novel Approach to Integrating Deep Neural Networks with Existing Applications},
  author={Hadash, Guy and Kermany, Einat and Carmeli, Boaz and Lavi, Ofer and Kour, George and Jacovi, Alon},
  journal={arXiv preprint arXiv:1804.09028},
  year={2018}
}



@article{Scu-net,
	author = {Jin, Luhong and Liu, Bei and Zhao, Fenqiang and Hahn, Stephen and Dong, Bowei and Song, Ruiyan and Elston, Timothy C. and Xu, Yingke and Hahn, Klaus M.},
	journal = {Nature Communications},
	month = {4},
	number = {1},
	title = {{Deep learning enables structured illumination microscopy with low light levels and enhanced speed}},
	volume = {11},
	year = {2020},
	doi = {10.1038/s41467-020-15784-x},
	url = {https://doi.org/10.1038/s41467-020-15784-x},
}

@dataset{BioSR,
  author       = {Chang Qiao},
  title        = {BioSR+:  Dataset Extension of biological images
                   for super-resolution microscopy
                  },
  month        = sep,
  year         = 2022,
  publisher    = {Zenodo},
  version      = {v1},
  doi          = {10.5281/zenodo.7115540},
  url          = {https://doi.org/10.5281/zenodo.7115540},
}


@InProceedings{augmentation_hyperplane,
  author       = "A.Dosovitskiy and J.T.Springenberg and M.Riedmiller and T.Brox",
  title        = "Discriminative Unsupervised Feature Learning with Convolutional Neural Networks",
  booktitle    = "Advances in Neural Information Processing Systems 27 (NIPS)",
  year         = "2014",
  url          = "http://lmb.informatik.uni-freiburg.de/Publications/2014/DB14b"
}


@book{U-net,
	author = {Ronneberger, Olaf and Fischer, Philipp and Brox, Thomas},
	booktitle = {Lecture notes in computer science},
	month = {1},
	pages = {234--241},
	title = {{U-NET: Convolutional Networks for Biomedical Image Segmentation}},
	year = {2015},
	doi = {10.1007/978-3-319-24574-4\{_}28},
	url = {https://doi.org/10.1007/978-3-319-24574-4_28},
}

@article{image_capture_in_microscopy,
	author = {Markwirth, Andreas and Lachetta, Mario and Mönkemöller, Viola and Heintzmann, Rainer and Hübner, Wolfgang and Huser, Thomas and Müller, Marcel},
	journal = {Nature Communications},
	month = {9},
	number = {1},
	title = {{Video-rate multi-color structured illumination microscopy with simultaneous real-time reconstruction}},
	volume = {10},
	year = {2019},
	doi = {10.1038/s41467-019-12165-x},
	url = {https://www.nature.com/articles/s41467-019-12165-x},
}

@article{resolution_test,
	author = {Descloux, A. and Grußmayer, K. S. and Radenovic, A.},
	journal = {Nature Methods},
	month = {8},
	number = {9},
	pages = {918--924},
	title = {{Parameter-free image resolution estimation based on decorrelation analysis}},
	volume = {16},
	year = {2019},
	doi = {10.1038/s41592-019-0515-7},
	url = {https://www.nature.com/articles/s41592-019-0515-7},
}

@article{ssim_paper,
	author = {Wang, Z. and Bovik, A.C. and Sheikh, H.R. and Simoncelli, E.P.},
	journal = {IEEE Transactions on Image Processing},
	month = {4},
	number = {4},
	pages = {600--612},
	title = {{Image quality assessment: From error visibility to structural similarity}},
	volume = {13},
	year = {2004},
	doi = {10.1109/tip.2003.819861},
	url = {https://doi.org/10.1109/tip.2003.819861},
}

@article{psnr-paper,
	author = {Fardo, Fernando A. and Conforto, Victor H. and C, De Oliveira Francisco and Rodrigues, Paulo S.},
	journal = {arXiv (Cornell University)},
	month = {1},
	title = {{A Formal Evaluation of PSNR as Quality Measurement Parameter for Image Segmentation Algorithms}},
	year = {2016},
	doi = {10.48550/arxiv.1605.07116},
	url = {https://arxiv.org/abs/1605.07116},
}

@article{CARE,
	author = {Weigert, Martin and Schmidt, Uwe and Boothe, Tobias and Müller, Andreas and Dibrov, Alexandr and Jain, Akanksha and Wilhelm, Benjamin and Schmidt, Deborah and Broaddus, Coleman and Culley, Siân and Rocha-Martins, Mauricio and Segovia-Miranda, Fabián and Norden, Caren and Henriques, Ricardo and Zerial, Marino and Solimena, Michele and Rink, Jochen and Tomancak, Pavel and Royer, Loic and Jug, Florian and Myers, Eugene W.},
	journal = {Nature Methods},
	month = {11},
	number = {12},
	pages = {1090--1097},
	title = {{Content-aware image restoration: pushing the limits of fluorescence microscopy}},
	volume = {15},
	year = {2018},
	doi = {10.1038/s41592-018-0216-7},
	url = {https://www.nature.com/articles/s41592-018-0216-7},
}

@INPROCEEDINGS{ms-ssim,
  author={Wang, Z. and Simoncelli, E.P. and Bovik, A.C.},
  booktitle={The Thrity-Seventh Asilomar Conference on Signals, Systems and Computers, 2003}, 
  title={Multiscale structural similarity for image quality assessment}, 
  year={2003},
  volume={2},
  number={},
  pages={1398-1402 Vol.2},
  keywords={Image quality;Signal processing;Humans;Visual system;Data mining;Layout;Distortion measurement;Displays;Optical filters;Electric variables measurement},
  doi={10.1109/ACSSC.2003.1292216}}


@article{DFCAN,
	author = {Qiao, Chang and Li, Di and Guo, Yuting and Liu, Chong and Jiang, Tao and Dai, Qionghai and Li, Dong},
	journal = {Nature Methods},
	month = {1},
	number = {2},
	pages = {194--202},
	title = {{Evaluation and development of deep neural networks for image super-resolution in optical microscopy}},
	volume = {18},
	year = {2021},
	doi = {10.1038/s41592-020-01048-5},
	url = {https://doi.org/10.1038/s41592-020-01048-5},
}

@article{fairSIM,
	author = {Müller, Marcel and Mönkemöller, Viola and Hennig, Simon and Hübner, Wolfgang and Huser, Thomas},
	journal = {Nature Communications},
	month = {3},
	number = {1},
	title = {{Open-source image reconstruction of super-resolution structured illumination microscopy data in ImageJ}},
	volume = {7},
	year = {2016},
	doi = {10.1038/ncomms10980},
	url = {https://www.nature.com/articles/ncomms10980},
}

@article{gustafson,
	author = {Gustafsson, M. G. L.},
	journal = {Journal of Microscopy},
	month = {5},
	number = {2},
	pages = {82--87},
	title = {{Surpassing the lateral resolution limit by a factor of two using structured illumination microscopy}},
	volume = {198},
	year = {2000},
	doi = {10.1046/j.1365-2818.2000.00710.x},
	url = {https://doi.org/10.1046/j.1365-2818.2000.00710.x},
}

@article{heintzmann,
	author = {Heintzmann, Rainer and Cremer, Christoph G.},
	journal = {Proceedings of SPIE, the International Society for Optical Engineering/Proceedings of SPIE},
	month = {1},
	title = {{Laterally modulated excitation microscopy: improvement of resolution by using a diffraction grating}},
	year = {1999},
	doi = {10.1117/12.336833},
	url = {https://doi.org/10.1117/12.336833},
}


@article{SIM_review,
	author = {Wu, Yicong and Shroff, Hari},
	journal = {Nature Methods},
	month = {11},
	number = {12},
	pages = {1011--1019},
	title = {{Faster, sharper, and deeper: structured illumination microscopy for biological imaging}},
	volume = {15},
	year = {2018},
	doi = {10.1038/s41592-018-0211-z},
	url = {https://www.nature.com/articles/s41592-018-0211-z},
}

@article{abbe,
	author = {Abbe, E.},
	journal = {Archiv für Mikroskopische Anatomie},
	month = {12},
	number = {1},
	pages = {413--468},
	title = {{Beiträge zur Theorie des Mikroskops und der mikroskopischen Wahrnehmung}},
	volume = {9},
	year = {1873},
	doi = {10.1007/bf02956173},
	url = {https://doi.org/10.1007/bf02956173},
}

@article{heintzmann-2017,
	author = {Heintzmann, Rainer and Huser, Thomas},
	journal = {Chemical Reviews},
	month = {11},
	number = {23},
	pages = {13890--13908},
	title = {{Super-Resolution Structured Illumination Microscopy}},
	volume = {117},
	year = {2017},
	doi = {10.1021/acs.chemrev.7b00218},
	url = {https://doi.org/10.1021/acs.chemrev.7b00218},
}
% the license is here: https://iopscience.iop.org/article/10.1088/2515-7647/abdb04 : CCA 4.0 BY-NC-SA
@article{microscope-picture,
	author = {Ma, Ying and Wen, Kai and Liu, Min and Zheng, Juanjuan and Chu, Kaiqin and Smith, Zachary J and Liu, Lixin and Gao, Peng},
	journal = {Journal of Physics Photonics},
	month = {1},
	number = {2},
	pages = {024009},
	title = {{Recent advances in structured illumination microscopy}},
	volume = {3},
	year = {2021},
	doi = {10.1088/2515-7647/abdb04},
	url = {https://doi.org/10.1088/2515-7647/abdb04},
}

@article{microtubules,
	author = {Waterman-Storer, Clare M.},
	journal = {Molecular Biology of the Cell},
	month = {12},
	number = {12},
	pages = {3263--3271},
	title = {{Microtubules and Microscopes: How the Development of Light Microscopic Imaging Technologies Has Contributed to Discoveries about Microtubule Dynamics in Living Cells}},
	volume = {9},
	year = {1998},
	doi = {10.1091/mbc.9.12.3263},
	url = {https://doi.org/10.1091/mbc.9.12.3263},
}


@article{f-actin,
	author = {Liu, Yi and Mollaeian, Keyvan and Shamim, Muhammad Huzaifah and Ren, Juan},
	journal = {International Journal of Molecular Sciences},
	month = {1},
	number = {2},
	pages = {392},
	title = {{Effect of F-actin and microtubules on cellular mechanical behavior studied using atomic force microscope and an Image Recognition-Based cytoskeleton quantification approach}},
	volume = {21},
	year = {2020},
	doi = {10.3390/ijms21020392},
	url = {https://doi.org/10.3390/ijms21020392},
}

@online{sim_image_reconstruction_adaptation,
	title = {Structured Illumination Microscopy and 3D SIM Imaging- Oxford Instruments},
	url = {https://andor.oxinst.com/learning/view/article/super-resolution-imaging-structured-illumination-microscopy},
}


@article{rdl_main,
	author = {Qiao, Chang and Li, Di and Liu, Yong and Zhang, Siwei and Liu, Kan and Liu, Chong and Guo, Yuting and Jiang, Tao and Fang, Chuyu and Li, Nan and Zeng, Yunmin and He, Kangmin and Zhu, Xueliang and Lippincott-Schwartz, Jennifer and Dai, Qionghai and Li, Dong},
	journal = {Nature Biotechnology},
	month = {10},
	number = {3},
	pages = {367--377},
	title = {{Rationalized deep learning super-resolution microscopy for sustained live imaging of rapid subcellular processes}},
	volume = {41},
	year = {2022},
	doi = {10.1038/s41587-022-01471-3},
	url = {https://doi.org/10.1038/s41587-022-01471-3},
}

@article{wu-2018,
	author = {Wu, Yicong and Shroff, Hari},
	journal = {Nature Methods},
	month = {11},
	number = {12},
	pages = {1011--1019},
	title = {{Faster, sharper, and deeper: structured illumination microscopy for biological imaging}},
	volume = {15},
	year = {2018},
	doi = {10.1038/s41592-018-0211-z},
	url = {https://www.nature.com/articles/s41592-018-0211-z},
}